
@inproceedings{Aggarwal:2016:ADC:2888451.2892037, title = {AMEO 2015: A Dataset Comprising AMCAT Test Scores, Biodata Details and Employment Outcomes of Job Seekers}, booktitle = {AMEO 2015: A Dataset Comprising AMCAT Test Scores, Biodata Details and Employment Outcomes of Job Seekers}, author = {Aggarwal, Varun and Srikant, Shashank and Nisar, Harsh},	year={2016}, publisher = {ACM} }

@article{Krishna2014,
author	= "Anirudh Krishna",
title 	= "{Examining the Structure of Opportunity and Social 
Mobility in India: Who Becomes an Engineer?}",
journal 	=  "Development and Change",
year      = "2014",
volume 	= "45: 1â€“28. doi: 10.1111/dech.12072"
}

@article{McCulloch1943,
  author        = "McCulloch, W.S. and Pitts",
  title         = "{A logical calculus of the ideas immanent in nervous activity}",
  journal       = "Bulletin of Mathematical Biophysics",
  volume        = "5",
  number        = "",
  year          = "1943",
  pages         = "115-133"
}

@article{Fisher1936,
  author        = "Fisher,R.A",
  title         = "{The use of multiple measurements in taxonomic problems}",
  journal       = "Annual Eugenics",
  volume        = "7",
  number        = "Part 2",
  year          = "1936",
  pages         = "179-188"
}



